@book{tanenbaum,
    author = {Tanenbaum, Andrew S.  and Steen, Maarten van},
    title = {Sistemas Distribuídos: princípios e paradigmas},
    publisher = {São Paulo: Person Prentice Hall},
    year = {2007}
}

@misc{itseez2015opencv,
  title={Open Source Computer Vision Library},
  author={Itseez},
  year={2015},
  howpublished = {\url{https://github.com/itseez/opencv}}
}

@misc{compdistlau,
    title={Comunicação de Grupo: Disfusão Confiável e Atômica},
    author={Lung, Prof. Lau Cheuk },
    year={2011},
    howpublished={\url{https://www.inf.ufsc.br/~frank.siqueira/INE5418/Lau/1-%20ComGrupo.pdf}}

}

@misc{compdistaline,
    title={Sistemas Distribuídos, Capítulo  - Sincronização},
    author={Nascimento, Prof. Aline },
    year={2019},
    howpublished={\url{http://profs.ic.uff.br/~simone/sd/contaulas/aula14.pdf}}

}

@article{defago2000totally,
  title={Totally ordered broadcast and multicast algorithms: A comprehensive survey},
  author={D{\'e}fago, Xavier and Schiper, Andr{\'e} and Urb{\'a}n, P{\'e}ter},
  year={2000}
}